%
% mybib.bib (BibTeX)
% 
% Objetivo: Arquivo de bibliografia do relatório de qualificação de doutorado.
% baseado em um template para a geração de documentos em LaTeX.
% 
% Versão 1.5
% 
% Site: http://www.dirackslounge.online
% 
% Programador: 
%		(1.4) - Lauro César Araujo 
%			Template, distribuição e manutenção
%		(1.5) - Rodolfo A. C. Neves (Dirack) 07/10/2019 
%			Modificações e utilização neste relatório
% 
% Email: rodolfo_profissional@hotmail.com
% 
% Licença (Versão modificada): GPL-3.0 <https://www.gnu.org/licenses/gpl-3.0.txt>.
%
% Licença (Versão original): LaTeX Project Public License (LPPL - 1.3) <http://www.latex-project.org/lppl.txt>
%
% Documentação extra: <http://abntex2.googlecode.com/>

@misc{relatorio,
 author = {Neves, R.},
 year = {2020},
 title = {Inversão do modelo de velocidades no domínio ERC utilizando as aproximações de tempo de trânsito SRC não hiperbólico (Relatório de qualificação de doutorado)},
}

@article{stereo,
author = {Billette, Frédéric and Lambaré, Gilles},
year = {2002},
month = {07},
pages = {671 - 690},
title = {Velocity macromodel estimation from seismic reflection data by Stereotomography},
volume = {135},
journal = {Geophysical Journal International},
doi = {10.1046/j.1365-246X.1998.00632.x}
}

@article{niptomo,
author = {Soleimani Monfared, Mehrdad and Piruz, Iradj},
year = {2007},
month = {12},
pages = {1},
title = {NIP tomography inversion, a new improved method for velocity model estimation; synthetic data example},
volume = {2007},
journal = {ASEG Extended Abstracts},
doi = {10.1071/ASEG2007ab138}
}


@article{planas,
  author = {Fomel, S.},
  year = {2002},
  title = {Application of plane wave destruction filters},
  journal = {Geophysics},
  volume = {67},
  pages = {1946-1960}
}

@phdthesis{mesquita,
title={Inversão de velocidades por otimização global usando a aproximação superfície de reflexão comum com afastamento finito},
author={Mesquita, M. },
school={Universidade Federal do Pará (UFPA)}, 
year={2016},
}

@article{fomel2003a,
  author = {Fomel, S.},
  year = {2003},
  title = {Time-migration velocity analysis by velocity continuation},
  journal = {Geophysics},
  volume = {68},
  pages = {1662-1672}
}

@article{bfomel2003,
  author = {Fomel, S.},
  year = {2003},
  title = {Velocity continuation and the anatomy of residual prestack time migration},
  journal = {Geophysics},
  volume = {68},
  pages = {1650-1661}
}


@article{hubral1996,
  author = {Hubral, P. and Schleicher, J. and Tygel, M.},
  year = {1996},
  title = {Seismic image waves},
  journal = {Geophysical Journal International},
  volume = {125},
  pages = {431-442}
}

@article{diffractions,
  author = {Sollner, W. and Yang, W.},
  year = {2002},
  title = {Diffraction Response Simulation: A 3D Velocity Inversion Tool},
  journal = {SEG Technical Program Expanded Abstracts},
  pages = {2293-2296}
}


@article{shav,
  author = {Shahsavani, H.},
  year = {2019},
  title = {Processing a multifold ground penetration radar data using common-diffraction-surface stack method},
  journal = {Journal of Mining and Environment (JME)},
  volume = {10},
  number = {3},
  pages = {777-785}
}

@article{fomel2007,
  author = {Fomel, S.},
  year = {2007},
  title = {Shaping regularization in geophysical-estimation problems},
  journal = {Geophysics},
  volume = {72},
  number = {2},
  pages = {R29-R36}
}

@article{fomel2009,
  author = {Fomel, S.},
  year = {2009},
  title = {Adaptive multiple subtraction using regularized nonstationary regression},
  journal = {Geophysics},
  volume = {74},
  number = {1},
  pages = {V25-V36}
}

@misc{claerbout10,
title={Stan-ford Exploration Project | Image estimation by example: Geophysical
soundings image construction—Multidimensional autoregression},
author={Claerbout, J. F.},
howpublished={Disponível em: \url{http://sepwww.stanford.edu/sep/prof/}. Acesso em: 08 de Novembro de 2019},
year="2010"
} 

@article{hestenes,
  author = {Hestenes, M. and Stiefel, E.},
  year = {1952},
  title = {Methods of conjugate gradients for solving linear systems},
  journal = {Journal of Research of the National Bureau of Standards (United States)},
  volume = {49},
  pages = {409-436}
}

@article{curry,
  author = {Curry, W.},
  year = {2005-2008},
  title = {Interpolation with multi-shifted-scale prediction-error filters},
  journal = {74th Annual International Meeting, SEG, Expanded Abstracts,}
}

@phdthesis{abma,
title={Least-squares separation of signal and noise with multidimensional filters},
author={Abma, R. },
school={Stanford University}, 
year={1995},
}

@article{spitz,
  author = {Spitz, S.},
  year = {1991},
  title = {Seismic trace interpolation in the F-X domain},
  journal = {Geophysics},
  volume = {56},
  pages = {785-794}
}

@book{claerbout92,
title={EARTH SOUNDINGS ANALYSIS: Processing versus Inversion},
author={Claerbout, J. F.},
publisher={Blackwell Scientific Publications}, 
year={1992},
}
   

@article{liu11,
  author = {Liu, Y. and Fomel, S.},
  year = {2011},
  title = {Seismic data interpolation beyond aliasing using regularized nonstationary autoregression},
  journal = {Geophysics},
  volume = {76},
  pages = {69-77}
}

@article{fomel1,
author	= {Fomel, S. and Kazinnik, R.},
year	= {2013},
title	= {Nonhyperbolic common reflection surface},
journal = {Geophysical Prospecting}, 
volume  = {61}, 
pages  = {21-27}
}


@MastersThesis{klaus,
    author     =     {Carmo, K.},
    title     =     {Métodos de otimização global aplicados na busca dos parâmetros SRC},
    school     =     {Universidade Federal do Pará - UFPa},
    address     =     {Belém - PA},
    year     =     {2004},
    }
    
@phdthesis{germam,
title={Traveltime approximations for 2D and 3D media and kinematic wavefield attributes},
author={Höcht, G. },
school={Faculdade de Física Karlsruhe (TH) genehmigte}, 
year={2002},
}

@book{seg,
title={Fundamentals of geophysical interpretation},
author={Lines, L. and Newrick, R.},
publisher={Society of Exploration Geophysicists}, 
year={2004},
}
    
@MastersThesis{neves,
    author     =     {Neves, R.},
    title     =     {Aproximações não hiperbólicas do tempo de trânsito utilizando aproximantes de Padé},
    school     =     {Universidade Federal do Pará - UFPa},
    address     =     {Belém - PA},
    year     =     {2017},
    }
    
@article{navarro,
title={Os aproximantes de padé.},
author={Navarro, M. C. and Navarro, V. A. and Ferreira, R. and Teramon, N.},
journal={MATEMÁTICA UNIVERSITÁRIA}, 
number={26/27},
month={junho/dezembro},
year={1999}
}

@article{nmopade,
title={Normal moveout for long offset in isotropic media using the Padé approximation},
author={Han-Jie, S. and Jin-Hai, Z. and Zhen-Xing, Y.},
journal={Applied Geophysics}, 
number={4},
volume={13},
year={2016}
}
   
@article{ingber,
author	= {INGBER, L.},
year	= {1989},
title	= {Very fast simulated re-annealing},
journal = {Math1. Comput. Modelling}, 
volume  = {12}, 
pages  = {967-973}
}

@article{sep_dif,
author	= {Fomel, S. and Landa, E. and Taner, M.},
year	= {2007},
title	= {Post-stack velocity analysis by separation and imaging of seismic diffractions},
journal = {Geophysics}, 
volume  = {72}, 
pages  = {U89-U94}
}


@book{stoffa,
title={Global Optimization Methods in Geophysical Inversion},
author={Sen, M. and Stoffa, P. },
publisher={ELSEVIER}, 
year={1995},
}

@article{tygel,
author	= {Tygel, M. and Santos, L. and Schleicher, J.},
year	= {1999},
title	= {Multifocus moveout revisited: derivations and alternative expressions},
journal = {Journal of Applied Geophysics}, 
volume  = {42}, 
pages  = {319-331}
}

@article{hubral,
author	= {Hubral, P.},
year	= {1983},
title	= {computing true amplitude reflections in a laterally inhomogeneous earth},
journal = {Geophysics}, 
volume  = {48}, 
pages  = {1051-1062}
}

@article{jager,
author	= {Jager, R. and Mann, J. and Hocht, G. and Hubral, P.},
year	= {2001},
title	= {Common-reflection-surface stack: image and attributes},
journal = {Geophysics}, 
volume  = {66}, 
pages  = {97-109}
}


@article{gelpart1,
author	= {Gelchinsky, B. and Berkovitch, A. and Keydar, S.},
year	= {1999},
title	= {Multifocusing homeomorphic imaging part. 1 Basic concepts and formulas},
journal = {Journal of applied geophysics}, 
volume  = {42}, 
pages  = {229-242}
} 


@article{sche,
author	= {Scheleicher, J. and Tygel, M. and Hubral, P.},
year	= {1993},
title	= {Parabolic and hyperbolic paraxial two-point traveltimes in 3D media},
journal = {Geophysical prospecting}, 
volume  = {41}, 
pages  = {495-514}
} 

@article{chirajc,
author	= {Oliva, P. and Cruz, J.},
year	= {2013},
title	= {Seismic stacking methods: hyperbolic and non-hyperbolic traveltime approximations},
journal = {Décimo terceiro congresso internacional da sociedade brasileira de geofísica (SBGf)}, 
} 

@article{peterhubral,
author	= {Hubral, P.},
year	= {1999},
title	= {Macro-model independent seimic reflection imaging},
journal = {Journal of applied geophysics}, 
volume  = {42}, 
pages  = {137-346}
} 


@article{cre,
author	= {Cruz, J. and Hubral, P. and Tygel, M. and Scheleicher, J. and Hocht, G.},
year	= {2000},
title	= {The common reflecting element (CRE) method revisited},
journal = {Geophysics}, 
volume  = {65}, 
pages  = {979-993}
} 

@article{landa,
title={Aplicationof multifocusing method for subsurface imaging},
author={Landa, E. and Gurevich, B. and Keydar, S. and Trachtman, P.},
journal={Journal of Apllied Geophysics}, 
number={42},
year={1999},
pages={283-300}
}

@article{glaeser,
title={Reflection on spheres and cylinders of revolution},
author={Glaeser, G.},
journal={Journal for Geometry and Graphics}, 
number={3},
year={1999},
pages={121-139},
}

@article{khaidukov,
title={Diffraction imaging by focusing-defocusing: An outlook on seismic superresolution},
author={Khaidukov, V., and Landa, E. and Moser, T.},
journal={Geophysics}, 
number={69},
year={2004},
pages={1478-1490},
}

@article{berko,
author	= {Berkovitch, A. and Gelchinsky, B.},
year	= {1989},
title	= {Inversion of common reflecting element (CRE) data (migration combined with velocity determination)},
journal = {59th Ann. Internat. Mtg., Soc. Expl. Geophys., Expanded Abstracts,}, 
pages  = {1250-1253}
} 

@article{dix,
author	= {Dix, C. H.},
year	= {1955},
title	= {Seismic velocities from surface measurements},
journal = {Geophysics},
number = {20},
pages  = {68-86},
} 

@book{klen,
title={Theory of Seismic Diffractions},
author={Klem-Musatov, K.},
publisher={Soc. of Expl. Geophys. Edited by Hron F. Fronta and Larry Lines}, 
year={1994},
}

@book{claerbout,
title={Earth Soundings Analysis: Processing Versus Inversion},
author={Claerbout, J.},
publisher={Black-well Scientific Publications}, 
year={1992},
}

@book{hubralKrey,
title={Interval velocities from seismic reflections time measurements},
author={Hubral, P. and Krey, T.},
publisher={Soc. of Expl. Geophys.}, 
year={1980},
}
